<record><leader>00000cas a22000007a 4500</leader><controlfield tag="001">21989835</controlfield><controlfield tag="008">900711d18801881mauwr ne      0    0eng d</controlfield><datafield ind1=" " ind2=" " tag="010"><subfield code="a">sn 89062387 </subfield></datafield><datafield ind1=" " ind2=" " tag="040"><subfield code="a">MGN</subfield><subfield code="b">eng</subfield><subfield code="c">MGN</subfield><subfield code="d">OCLCQ</subfield></datafield><datafield ind1=" " ind2=" " tag="042"><subfield code="a">msc</subfield></datafield><datafield ind1="0" ind2=" " tag="130"><subfield code="a">Malden press (Malden, Mass. : 1880)</subfield></datafield><datafield ind1="1" ind2="0" tag="245"><subfield code="a">Malden press.</subfield></datafield><datafield ind1=" " ind2=" " tag="260"><subfield code="a">Malden, Mass. :</subfield><subfield code="b">Benjamin Johnson</subfield></datafield><datafield ind1=" " ind2=" " tag="300"><subfield code="a">v.</subfield></datafield><datafield ind1=" " ind2=" " tag="310"><subfield code="a">Weekly</subfield></datafield><datafield ind1="0" ind2=" " tag="362"><subfield code="a">Vol. 1, no. 1 (Oct. 2, 1880)-v. 1, no. 36 (June 4, 1881).</subfield></datafield><datafield ind1=" " ind2=" " tag="752"><subfield code="a">United States</subfield><subfield code="b">Massachusetts</subfield><subfield code="c">Middlesex</subfield><subfield code="d">Malden.</subfield></datafield><datafield ind1="0" ind2="0" tag="785"><subfield code="t">Malden city press (Malden, Mass. : 1881)</subfield><subfield code="w">(DLC)sn 86071639</subfield></datafield></record>